% Encoding: UTF-8

@Article{beavan,
  author  = {M. A. Bevan und D. C. Prieve},
  title   = {Hindered diffusion of colloidal particles verry near to a wall: revisited},
  journal = {J. Chem. Phys.},
  year    = {2000},
  volume  = {113},
}

@PhdThesis{helden,
  author = {Laurent Helden},
  title  = {Untersuchung von Partikel-Wand-Wechselwirkungen mit evaneszenter Lichtstreuung},
  school = {University of Constance},
  year   = {2003},
  month  = {05},
}

@misc{wiki:optical-tweezers,
    author = "{Wikipedia contributors}",
    title = "Optical tweezers --- {Wikipedia}{,} The Free Encyclopedia",
    year = "2018",
    url = "https://en.wikipedia.org/w/index.php?title=Optical_tweezers&oldid=872666703",
    note = "[Online; accessed 11-December-2018]"
  }

@Article{4,
  author  = {R. J. Oetama and J. Y. Walz},
  title   = {A new approach for analyzing parti- cle motion near an interface using total internal reflection microscopy},
  journal = {J. Colloid Interface Sci.},
  year    = {2005},
  volume  = {284},
  number  = {1},
  pages   = {323-331},
}

@Article{2,
  author  = {H. Brenner},
  title   = {The slow motion of a sphere through a viscous fluid towards a plane surface.,},
  journal = {Chem. Eng. Sci. 16},
  year    = {1961},
  volume  = {3-4},
}

@Comment{jabref-meta: databaseType:bibtex;}
